<?xml version="1.0" encoding="UTF-8"?><collection xmlns="http://www.loc.gov/MARC21/slim"><record><leader>00303nam--2200121-i-4500</leader><controlfield tag="001">000038976</controlfield><controlfield tag="002">20161230</controlfield><controlfield tag="005">20161230201042</controlfield><controlfield tag="008">060222s1000------------r-----000-0-eng-d</controlfield><datafield ind1=" " ind2=" " tag="100"><subfield code="a">Richardson,E.G</subfield></datafield><datafield ind1=" " ind2=" " tag="245"><subfield code="a">Dynamics of real fluids</subfield></datafield><datafield ind1=" " ind2=" " tag="260"><subfield code="a">London, Edward Arnold, 1950. Vii + 144 P.+ 2 F</subfield></datafield><datafield ind1=" " ind2=" " tag="852"><subfield code="a">323</subfield></datafield></record></collection>